@article{moor2023GMAI,
  author  = {Moor, Michael and Banerjee, Oishik and Abad, Zachary S. H. and others},
  title   = {Foundation Models for Generalist Medical Artificial Intelligence},
  journal = {Nature},
  volume  = {616},
  pages   = {259--265},
  year    = {2023},
  doi     = {10.1038/s41586-023-05881-4}
}

@article{singer2016sepsis3,
  title   = {The Third International Consensus Definitions for Sepsis and Septic Shock (Sepsis-3)},
  author  = {Singer, Mervyn and others},
  journal = {JAMA},
  year    = {2016},
  volume  = {315},
  number  = {8},
  pages   = {801-810}
}

@article{rudd2020global,
  title     = {Global, regional, and national sepsis incidence and mortality, 1990--2017: analysis for the Global Burden of Disease Study},
  author    = {Rudd, Kristina E and Johnson, Sarah C and Agesa, Kareha M and others},
  journal   = {The Lancet},
  volume    = {395},
  number    = {10219},
  pages     = {200--211},
  year      = {2020},
  publisher = {Elsevier}
}

@article{optimizing_ai_sepsis_2024,
  title   = {Optimizing artificial intelligence in sepsis management: Opportunities in the present and looking closely to the future},
  author  = {Researcher, Example},
  journal = {Artificial Intelligence in Medicine},
  year    = {2024}
}

@article{andersen2019cardiac,
  author  = {Lars W. Andersen and Michael J. Holmberg and Kathrine M. Berg and Michael W. Donnino and Anders Granfeldt},
  title   = {In-Hospital Cardiac Arrest: A Review},
  journal = {JAMA},
  year    = {2019},
  volume  = {321},
  number  = {12},
  pages   = {1200--1210},
  doi     = {10.1001/jama.2019.1696}
}


@article{transformer_sepsis_prediction_2024,
  title   = {A time series driven model for early sepsis prediction based on transformer module},
  author  = {Researcher, Example},
  journal = {Medical Image Analysis},
  year    = {2024}
}

@article{islam2023survey,
  title   = {Machine Learning-Based Early Prediction of Sepsis Using Electronic Health Records: A Systematic Review},
  author  = {Islam, K. R. and Prithula, J. and Kumar, J. and Tan, T. L. and Reaz, M. B. I. and Sumon, M. S. I. and Chowdhury, M. E. H.},
  journal = {Journal of Clinical Medicine},
  year    = {2023},
  volume  = {12},
  number  = {17},
  pages   = {5658},
  doi     = {10.3390/jcm12175658}
}

@article{moor2021survey,
  title   = {Early Prediction of Sepsis in the ICU Using Machine Learning: A Systematic Review},
  author  = {Moor, M. and Rieck, B. and Horn, M. and Jutzeler, C. R. and Borgwardt, K.},
  journal = {Frontiers in Medicine},
  year    = {2021},
  volume  = {8},
  pages   = {607952},
  doi     = {10.3389/fmed.2021.607952}
}

@article{multimodal_explanations_review,
  title   = {Multimodal Explainable Artificial Intelligence: A Comprehensive Review},
  author  = {Researcher, Example},
  journal = {ACM Computing Surveys},
  year    = {2023}
}

@article{time_series_transformers_survey_2023,
  title   = {Transformers in Time Series: A Survey},
  author  = {Researcher, Example},
  journal = {IEEE Transactions on Pattern Analysis and Machine Intelligence},
  year    = {2023}
}

@article{adams2022trews,
  title   = {Prospective, multi-site study of patient outcomes after implementation of the TREWS machine learning-based early warning system for sepsis},
  author  = {Adams, R. and Henry, K.E. and Sridharan, A. and others},
  journal = {Nature Medicine},
  year    = {2022},
  volume  = {28},
  number  = {7},
  pages   = {1455--1460},
  doi     = {10.1038/s41591-022-01894-0}
}

@inproceedings{zhang2024chi,
  author    = {Zhang, Shao and Yu, Jianing and Xu, Xuhai and Yin, Changchang and Lu, Yuxuan and Yao, Bingsheng and Tory, Melanie and Padilla, Lace M. and Caterino, Jeffrey and Zhang, Ping and Wang, Dakuo},
  title     = {Rethinking Human-AI Collaboration in Complex Medical Decision Making: A Case Study in Sepsis Diagnosis},
  year      = {2024},
  isbn      = {9798400703300},
  publisher = {Association for Computing Machinery},
  address   = {New York, NY, USA},
  url       = {https://doi.org/10.1145/3613904.3642343},
  doi       = {10.1145/3613904.3642343},
  articleno = {445},
  numpages  = {18},
  keywords  = {Human-AI collaboration, Medical decision making, Sepsis diagnosis},
  location  = {Honolulu, HI, USA},
  series    = {CHI '24}
}

@article{sandhu2020integrating,
  title     = {Integrating a Machine Learning System Into Clinical Workflows: Qualitative Study},
  author    = {Sandhu, Sukhmani and Lin, Andy L and Brajer, Nicholas and Sperling, Jeremy and Ratliff, William and Bedoya, Andres D and Balu, Suresh and O'Brien, Craig and Sendak, Mark P},
  journal   = {Journal of Medical Internet Research},
  volume    = {22},
  number    = {11},
  pages     = {e22421},
  year      = {2020},
  publisher = {JMIR Publications},
  doi       = {10.2196/22421},
  url       = {https://doi.org/10.2196/22421}
}

@article{silvestri2022desired,
  title     = {Desired Characteristics of a Clinical Decision Support System for Early Sepsis Recognition: Interview Study Among Hospital-Based Clinicians},
  author    = {Silvestri, Jason A and Kmiec, Thomas E and Bishop, Natalie S and Regli, Sarah H and Weissman, Gary E},
  journal   = {JMIR Human Factors},
  volume    = {9},
  number    = {4},
  pages     = {e36976},
  year      = {2022},
  publisher = {JMIR Publications},
  doi       = {10.2196/36976},
  url       = {https://doi.org/10.2196/36976}
}

@article{Bignami2025AISepsis,
  author  = {Elena Giovanna Bignami and Giulia Arrigoni and Silvia Gramegna and Giacomo Grasselli and Giuseppe Foti},
  title   = {Artificial Intelligence in Sepsis Management: An Overview for Clinicians},
  journal = {Journal of Clinical Medicine},
  volume  = {14},
  number  = {1},
  pages   = {286},
  year    = {2025},
  month   = {Jan},
  doi     = {10.3390/jcm14010286},
  url     = {https://doi.org/10.3390/jcm14010286}
}

@article{bhargava2024ImmunoScore,
  author   = {Akhil Bhargava  and Carlos López-Espina  and Lee Schmalz  and Shah Khan  and Gregory L. Watson  and Dennys Urdiales  and Lincoln Updike  and Niko Kurtzman  and Alon Dagan  and Amanda Doodlesack  and Bryan A. Stenson  and Deesha Sarma  and Eric Reseland  and John H. Lee  and Max S. Kravitz  and Peter S. Antkowiak  and Tatyana Shvilkina  and Aimee Espinosa  and Alexandra Halalau  and Carmen Demarco  and Francisco Davila  and Hugo Davila  and Matthew Sims  and Nicholas Maddens  and Ramona Berghea  and Scott Smith  and Ashok V. Palagiri  and Clinton Ezekiel  and Farid Sadaka  and Karthik Iyer  and Matthew Crisp  and Saleem Azad  and Vikram Oke  and Andrew Friederich  and Anwaruddin Syed  and Falgun Gosai  and Lavneet Chawla  and Neil Evans  and Kurian Thomas  and Roneil Malkani  and Roshni Patel  and Stockton Mayer  and Farhan Ali  and Lekshminarayan Raghavakurup  and Muleta Tafa  and Sahib Singh  and Samuel Raouf  and Sihai Dave Zhao  and Ruoqing Zhu  and Rashid Bashir  and Bobby Reddy  and Nathan I. Shapiro },
  title    = {FDA-Authorized AI/ML Tool for Sepsis Prediction: Development and Validation},
  journal  = {NEJM AI},
  volume   = {1},
  number   = {12},
  pages    = {AIoa2400867},
  year     = {2024},
  doi      = {10.1056/AIoa2400867},
  url      = {https://ai.nejm.org/doi/full/10.1056/AIoa2400867},
  eprint   = {https://ai.nejm.org/doi/pdf/10.1056/AIoa2400867},
  abstract = { Sepsis is a life-threatening acute condition that requires accurate and rapid identification to guide proper treatment. This study outlines the development and validation of the first U.S. Food and Drug Administration–authorized artificial intelligence–based software to identify patients at risk of having sepsis. }
}


